
@inproceedings{afyouni2012,
title={Algorithms for continuous location-dependent and context-aware queries
in indoor environments},
author={Afyouni, Imad and Ray, Cyril and Ilarri, Sergio and Claramunt,
Christophe},
booktitle={Proceedings of the 20th International Conference on Advances in
Geographic Information Systems},
pages={329--338},
year={2012},
organization={ACM}
}

@inproceedings{allen1985,
author = {Allen, James F. and Hayes, Patrick J.},
title = {A Common-sense Theory of Time},
booktitle = {Proceedings of the 9th International Joint Conference on
Artificial Intelligence - Volume 1},
series = {IJCAI'85},
year = {1985},
isbn = {0-934613-02-8},
location = {Los Angeles, California},
pages = {528--531},
numpages = {4},
url = {http://dl.acm.org/citation.cfm?id=1625135.1625236},
acmid = {1625236},
publisher = {Morgan Kaufmann Publishers Inc.},
address = {San Francisco, CA, USA},
}

@article{batty1999,
title={Multi-agent simulation: new approaches to exploring space-time
dynamics in GIS},
author={Batty, Michael and Jiang, Bin},
year={1999},
publisher={Centre for Advanced Spatial Analysis (UCL)}
}

@article{bruera2008,
title={Dynamic multi-level overlay graphs for shortest paths},
author={Bruera, Francesco and Cicerone, Serafino and D’Angelo, Gianlorenzo
and Di Stefano, Gabriele and Frigioni, Daniele},
journal={Mathematics in Computer Science},
volume={1},
number={4},
pages={709--736},
year={2008},
publisher={Springer}
}

@inproceedings{campelo2013,
title={Representing and reasoning about changing spatial extensions of
geographic features},
author={Campelo, Claudio EC and Bennett, Brandon},
booktitle={International Conference on Spatial Information Theory},
pages={33--52},
year={2013},
organization={Springer}
}

@incollection{claramunt1995,
title={Managing time in GIS an event-oriented approach},
author={Claramunt, Christophe and Th{\'e}riault, Marius},
booktitle={Recent advances in temporal databases},
pages={23--42},
year={1995},
publisher={Springer}
}

@inproceedings{costes2015,
author = "Costes, Beno\^{\i}t and Perret, Julien and Bucher, B\'en\'edicte
and Gribaudi, Maurizio",
title = "An aggregated graph to qualify historical spatial networks using
temporal patterns detection",
booktitle = "18th AGILE International Conference on Geographic Information
Science",
year = "2015",
}

@phdthesis{delmondo2011,
TITLE = {{A SPATIO-TEMPORAL GRAPH-BASED MODEL FOR THE EVOLUTION OF
GEOGRAPHICAL ENTITIES}},
AUTHOR = {Del Mondo, G{\'e}raldine},
URL = {https://tel.archives-ouvertes.fr/tel-00651682},
SCHOOL = {{Universit{\'e} de Bretagne occidentale - Brest}},
YEAR = {2011},
MONTH = Oct,
KEYWORDS = {spatio-temporal modelling ; graph theory ; constraints
specification ; mod{\'e}lisation spatio-temporelle ; th{\'e}orie des graphes
; sp{\'e}cification de contraintes},
TYPE = {Theses},
PDF = {https://tel.archives-ouvertes.fr/tel-00651682/file/these25112011.pdf},
HAL_ID = {tel-00651682},
HAL_VERSION = {v1},
}

@article{demare2015,
title = "Agent-based Approach and Dynamic Graphs to Model Logistic Corridor",
journal = "Procedia Computer Science",
volume = "52",
pages = "968 - 973",
year = "2015",
note = "The 6th International Conference on Ambient Systems, Networks and
Technologies (ANT-2015), the 5th International Conference on Sustainable
Energy Information Tech nology (SEIT-2015)",
issn = "1877-0509",
doi = "https://doi.org/10.1016/j.procs.2015.05.174",
url = "http://www.sciencedirect.com/science/article/pii/S1877050915009746",
author = "Thibaut Démare and Cyrille Bertelle and Antoine Dutot and Laurent
Lévêque",
keywords = "agent-based model, dynamic graph, logistic system, modelling,
complex system, geographical information system"
}

@article{guttman1984,
author = {Guttman, Antonin},
title = {R-trees: A Dynamic Index Structure for Spatial Searching},
journal = {SIGMOD Rec.},
issue_date = {June 1984},
volume = {14},
number = {2},
month = jun,
year = {1984},
issn = {0163-5808},
pages = {47--57},
numpages = {11},
url = {http://doi.acm.org/10.1145/971697.602266},
doi = {10.1145/971697.602266},
acmid = {602266},
publisher = {ACM},
address = {New York, NY, USA},
}

@inproceedings{hagerstrand1970,
title={What about people in regional science?},
author={H{\"a}gerstrand, Torsten},
booktitle={Papers of the Regional Science Association},
volume={24},
number={1},
pages={6--21},
year={1970},
organization={Springer}
}

@phdthesis{hapham2017,
title={Am{\'e}lioration de la repr{\'e}sentation cartographique des
ph{\'e}nom{\`e}nes urbains},
author={thu ha Pham, Thi and others},
year={2017},
school={Paris Est}
}

@article{harary1997,
title = "Dynamic graph models",
journal = "Mathematical and Computer Modelling",
volume = "25",
number = "7",
pages = "79 - 87",
year = "1997",
issn = "0895-7177",
doi = "https://doi.org/10.1016/S0895-7177(97)00050-2",
url = "http://www.sciencedirect.com/science/article/pii/S0895717797000502",
author = "F. Harary and G. Gupta",
keywords = "Graph theory, Graph models in computer science, Dynamic graphs"
}

@article{holzer2009,
title={Engineering multilevel overlay graphs for shortest-path queries},
author={Holzer, Martin and Schulz, Frank and Wagner, Dorothea},
journal={Journal of Experimental Algorithmics (JEA)},
volume={13},
pages={5},
year={2009},
publisher={ACM}
}

@inproceedings{hornsby1999,
title={Shifts in detail through temporal zooming},
author={Hornsby, Kathleen and Egenhofer, Max J},
booktitle={Database and Expert Systems Applications, 1999. Proceedings. Tenth International Workshop on},
pages={487--491},
year={1999},
organization={IEEE}
}

@inproceedings{jguirim2015,
title={Un Syst{\`e}me de G{\'e}n{\'e}ration d'Itin{\'e}raires des activit\'es
mobiles dans la ville.},
author={Jguirim, Ines and Brosset, David and Claramunt, Christophe},
booktitle={SAGEO},
pages={46--59},
year={2015}
}

@ARTICLE{kuipers1978,
author = {Benjamin Kuipers},
title = {Modeling Spatial Knowledge},
journal = {Cognitive Science},
year = {1978},
volume = {2},
pages = {129--153}
}

@article{mackaness1993,
title={Use of graph theory to support map generalization},
author={Mackaness, William A and Beard, Kate M},
journal={Cartography and Geographic Information Systems},
volume={20},
number={4},
pages={210--221},
year={1993},
publisher={Taylor \& Francis}
}

@article{minor2008,
title={A graph-theory framework for evaluating landscape connectivity and
conservation planning},
author={Minor, Emily S and Urban, Dean L},
journal={Conservation biology},
volume={22},
number={2},
pages={297--307},
year={2008},
publisher={Wiley Online Library}
}

@article{quinn2018,
author = {Quinn, Tara and Bousquet, François and Guerbois, Chloe and
Sougrati, Elias and Tabutaud, Matthieu},
year = {2018},
month = {06},
pages = {},
title = {The dynamic relationship between sense of place and risk perception
in landscapes of mobility},
volume = {23},
booktitle = {Ecology and Society}
}

@article{randell1992,
title={A spatial logic based on regions and connection.},
author={Randell, David A and Cui, Zhan and Cohn, Anthony G},
journal={KR},
volume={92},
pages={165--176},
year={1992}
}

@INPROCEEDINGS{stell1998,
author = {John Stell and Michael Worboys},
title = {Stratified Map Spaces: A Formal Basis for Multi-resolution Spatial
Databases},
booktitle = {SDH'98 Proceedings 8th International Symposium on Spatial Data
Handling, pages 180--189. International Geographical},
year = {1998},
pages = {180--189}
}

@article{stern1988,
author = {Stern Eliahu and Leiser David},
title = {Levels of Spatial Knowledge and Urban Travel Modeling},
journal = {Geographical Analysis},
volume = {20},
number = {2},
pages = {140-155},
doi = {10.1111/j.1538-4632.1988.tb00172.x},
url = {https://onlinelibrary.wiley.com/doi/abs/10.1111/j.1538-4632.1988.tb00172.x},
eprint = {https://onlinelibrary.wiley.com/doi/pdf/10.1111/j.1538-4632.1988.tb00172.x}
}

@inproceedings{tanguy2016,
TITLE = {{Formalisation spatio-temporelle de perturbations maritimes pour
l'{\'e}valuation de la vuln{\'e}rabilit{\'e} du r{\'e}seau maritime}},
AUTHOR = {Tanguy, Martin and Napoli, Aldo},
URL = {https://hal-mines-paristech.archives-ouvertes.fr/hal-01417871},
BOOKTITLE = {{SAGEO 2016 - Spatial Analysis and GEOmatics}},
ADDRESS = {Nice, France},
ORGANIZATION = {{Analyse Spatiale et des Sciences de l'Information
G{\'e}ographique}},
YEAR = {2016},
MONTH = Dec,
KEYWORDS = {Risques maritimes ; mod{\'e}lisation spatio-temporelle ;
simulation multi-agent},
PDF = {https://hal-mines-paristech.archives-ouvertes.fr/hal-01417871/file/TANGUY_Martin_SAGEO2016.pdf},
HAL_ID = {hal-01417871},
HAL_VERSION = {v1},
}

@inproceedings{worboys2012,
title={The maptree: A fine-grained formal representation of space},
author={Worboys, Michael},
booktitle={International Conference on Geographic Information Science},
pages={298--310},
year={2012},
organization={Springer}
}

